@article{
 AspnesR2007,
 author = {James Aspnes and Eric Ruppert},
 title = {An introduction to population protocols},
 journal = {Bulletin of the European Association for Theoretical Computer Science},
 volume=93,
 pages={98--117},
 month=oct,
 year = 2007
}


@article{
 MS16a,
 author = {Michail, Othon and Spirakis, Paul G.},
 title = {Simple and efficient local codes for distributed stable network construction},
 journal = {Distributed Computing},
 volume = {29},
 number = {3},
 pages = {207--237},
 year = {2016},
 issn = {0178-2770},
 doi = {http://dx.doi.org/10.1007/s00446-015-0257-4},
 url = {https://link.springer.com/article/10.1007/s00446-015-0257-4},
 publisher = {Springer Berlin Heidelberg}
}




@article{
 Mi17,
 author = {Michail, Othon},
 title = {Terminating distributed construction of shapes and patterns in a fair solution of automata},
 journal = {Distributed Computing},
 volume = {},
 number = {},
 pages = {1--23},
 year = {2017},
 issn = {0178-2770},
 doi = {http://dx.doi.org/10.1007/s00446-017-0309-z},
 url = {http://link.springer.com/article/10.1007/s00446-017-0309-z},
 publisher = {Springer Berlin Heidelberg}
}

@Book{
  MCS11,
	title = "New Models for Population Protocols",
	booktitle = "New Models for Population Protocols",
	author = "Othon Michail and Ioannis Chatzigiannakis and Paul G. Spirakis",
	publisher = "Morgan \& Claypool",
	series = "N. A. Lynch (Ed), Synthesis Lectures on Distributed Computing Theory",
	year = "2011",
	editor = "Nancy A. Lynch"
}

@misc{
  Mitnote09,
  author = {S. Widnall},
  title  = {Lecture L3 - Vectors, Matrices and Coordinate Transformations},
  month = {Fall},
  year = {2009},
  url = {https://ocw.mit.edu/courses/aeronautics-and-astronautics/16-07-dynamics-fall-2009/lecture-notes/MIT16_07F09_Lec03.pdf},
  publisher = {MIT OpenCourseWare},
  note = {Accessed: 2018-04-30}
}
@misc{
  WolframAT,
  author = {Eric Weisstein},
  title  = {Affine Transformation},
  url = { http://mathworld.wolfram.com/AffineTransformation.html},
  publisher = {MathWorld -- A Wolfram Web Resource},
  note = {Accessed: 2018-05-01}
}
